Trade_Time,Price_USD,Volume_BTC,Symbol
2025-09-30 00:20:13.020,114057.2,0.001,BTCUSDT
2025-09-30 00:20:13.080,114057.2,0.045,BTCUSDT
2025-09-30 00:20:13.289,114057.3,0.054,BTCUSDT
2025-09-30 00:20:13.579,114057.2,0.001,BTCUSDT
2025-09-30 00:20:13.685,114057.3,0.001,BTCUSDT
2025-09-30 00:20:13.885,114057.3,0.004,BTCUSDT
2025-09-30 00:20:13.885,114057.3,0.003,BTCUSDT
2025-09-30 00:20:13.885,114057.3,0.013,BTCUSDT
2025-09-30 00:20:13.893,114057.3,0.005,BTCUSDT
2025-09-30 00:20:13.896,114057.3,0.01,BTCUSDT
2025-09-30 00:20:14.001,114057.2,0.25,BTCUSDT
2025-09-30 00:20:14.022,114057.3,0.003,BTCUSDT
2025-09-30 00:20:14.022,114057.3,0.001,BTCUSDT
2025-09-30 00:20:14.022,114057.3,0.001,BTCUSDT
2025-09-30 00:20:14.022,114057.3,0.001,BTCUSDT
2025-09-30 00:20:14.022,114057.3,0.052,BTCUSDT
2025-09-30 00:20:14.022,114057.3,0.002,BTCUSDT
2025-09-30 00:20:14.022,114057.3,0.001,BTCUSDT
2025-09-30 00:20:14.022,114057.3,0.005,BTCUSDT
2025-09-30 00:20:14.265,114057.3,0.001,BTCUSDT
2025-09-30 00:20:14.265,114057.3,0.053,BTCUSDT
2025-09-30 00:20:14.517,114057.2,0.001,BTCUSDT
2025-09-30 00:20:14.739,114057.2,0.001,BTCUSDT
2025-09-30 00:20:14.761,114057.2,0.01,BTCUSDT
2025-09-30 00:20:14.922,114057.2,0.005,BTCUSDT
2025-09-30 00:20:15.088,114057.3,0.033,BTCUSDT
2025-09-30 00:20:15.088,114057.3,0.009,BTCUSDT
2025-09-30 00:20:15.088,114057.3,0.058,BTCUSDT
2025-09-30 00:20:15.144,114057.2,0.003,BTCUSDT
2025-09-30 00:20:15.255,114057.2,0.026,BTCUSDT
2025-09-30 00:20:15.272,114057.3,0.001,BTCUSDT
2025-09-30 00:20:15.363,114057.3,0.053,BTCUSDT
2025-09-30 00:20:15.379,114057.3,0.003,BTCUSDT
2025-09-30 00:20:15.619,114057.3,0.104,BTCUSDT
2025-09-30 00:20:15.708,114057.3,0.001,BTCUSDT
2025-09-30 00:20:15.831,114057.3,0.007,BTCUSDT
2025-09-30 00:20:16.316,114057.3,0.053,BTCUSDT
2025-09-30 00:20:16.390,114057.3,0.001,BTCUSDT
2025-09-30 00:20:16.408,114057.3,0.037,BTCUSDT
2025-09-30 00:20:16.553,114057.2,0.048,BTCUSDT
2025-09-30 00:20:17.021,114057.3,0.001,BTCUSDT
2025-09-30 00:20:17.203,114057.3,0.001,BTCUSDT
2025-09-30 00:20:17.329,114057.3,0.052,BTCUSDT
2025-09-30 00:20:18.119,114057.3,0.066,BTCUSDT
2025-09-30 00:20:18.402,114057.3,0.052,BTCUSDT
2025-09-30 00:20:18.546,114057.2,0.174,BTCUSDT
2025-09-30 00:20:18.546,114057.2,0.039,BTCUSDT
2025-09-30 00:20:18.978,114057.2,0.001,BTCUSDT
2025-09-30 00:20:19.244,114057.2,0.012,BTCUSDT
2025-09-30 00:20:19.268,114057.3,0.055,BTCUSDT
2025-09-30 00:20:19.368,114057.3,0.052,BTCUSDT
2025-09-30 00:20:19.471,114057.3,0.008,BTCUSDT
2025-09-30 00:20:19.503,114057.3,0.021,BTCUSDT
2025-09-30 00:20:19.701,114057.3,0.05,BTCUSDT
2025-09-30 00:20:20.101,114057.3,0.001,BTCUSDT
2025-09-30 00:20:20.204,114057.2,0.017,BTCUSDT
2025-09-30 00:20:20.232,114057.2,0.003,BTCUSDT
2025-09-30 00:20:20.363,114057.3,0.051,BTCUSDT
2025-09-30 00:20:20.488,114057.2,0.125,BTCUSDT
2025-09-30 00:20:20.536,114057.3,0.006,BTCUSDT
2025-09-30 00:20:20.578,114057.2,0.008,BTCUSDT
2025-09-30 00:20:20.600,114057.3,0.001,BTCUSDT
2025-09-30 00:20:20.832,114057.3,0.094,BTCUSDT
2025-09-30 00:20:20.966,114057.2,0.119,BTCUSDT
2025-09-30 00:20:21.025,114057.3,0.001,BTCUSDT
2025-09-30 00:20:21.458,114057.3,0.051,BTCUSDT
2025-09-30 00:20:21.468,114057.3,0.087,BTCUSDT
2025-09-30 00:20:21.497,114057.2,0.009,BTCUSDT
2025-09-30 00:20:21.725,114057.3,0.061,BTCUSDT
2025-09-30 00:20:21.806,114057.2,0.001,BTCUSDT
2025-09-30 00:20:21.815,114057.3,0.001,BTCUSDT
2025-09-30 00:20:21.872,114057.2,0.001,BTCUSDT
2025-09-30 00:20:21.875,114057.2,0.001,BTCUSDT
2025-09-30 00:20:21.922,114057.2,0.001,BTCUSDT
2025-09-30 00:20:22.071,114057.2,0.007,BTCUSDT
2025-09-30 00:20:22.245,114057.2,0.2,BTCUSDT
2025-09-30 00:20:22.672,114057.2,0.014,BTCUSDT
2025-09-30 00:20:22.888,114057.2,0.002,BTCUSDT
2025-09-30 00:20:22.941,114057.2,0.019,BTCUSDT
2025-09-30 00:20:23.076,114057.3,0.005,BTCUSDT
2025-09-30 00:20:23.143,114057.3,0.089,BTCUSDT
2025-09-30 00:20:23.224,114057.2,0.001,BTCUSDT
2025-09-30 00:20:23.348,114057.2,0.002,BTCUSDT
2025-09-30 00:20:23.519,114057.3,0.376,BTCUSDT
2025-09-30 00:20:23.519,114057.3,0.001,BTCUSDT
2025-09-30 00:20:23.519,114057.3,0.035,BTCUSDT
2025-09-30 00:20:23.519,114057.3,0.001,BTCUSDT
2025-09-30 00:20:23.519,114057.3,0.008,BTCUSDT
2025-09-30 00:20:23.519,114057.3,0.007,BTCUSDT
2025-09-30 00:20:23.519,114057.3,0.012,BTCUSDT
2025-09-30 00:20:23.519,114057.3,0.013,BTCUSDT
2025-09-30 00:20:23.519,114057.3,0.003,BTCUSDT
2025-09-30 00:20:23.519,114057.3,0.005,BTCUSDT
2025-09-30 00:20:23.519,114057.3,0.01,BTCUSDT
2025-09-30 00:20:23.519,114057.3,0.002,BTCUSDT
2025-09-30 00:20:23.519,114057.3,0.001,BTCUSDT
2025-09-30 00:20:23.519,114057.3,0.003,BTCUSDT
2025-09-30 00:20:23.519,114057.3,0.046,BTCUSDT
2025-09-30 00:20:23.519,114057.3,0.001,BTCUSDT
2025-09-30 00:20:23.519,114057.3,0.026,BTCUSDT
2025-09-30 00:20:23.519,114057.3,0.001,BTCUSDT
2025-09-30 00:20:23.519,114057.3,0.017,BTCUSDT
2025-09-30 00:20:23.754,114057.3,0.002,BTCUSDT
2025-09-30 00:20:23.867,114057.3,0.002,BTCUSDT
2025-09-30 00:20:23.867,114057.3,0.037,BTCUSDT
2025-09-30 00:20:23.867,114057.3,0.001,BTCUSDT
2025-09-30 00:20:23.867,114057.3,0.013,BTCUSDT
2025-09-30 00:20:23.867,114057.3,0.019,BTCUSDT
2025-09-30 00:20:23.867,114057.3,0.02,BTCUSDT
2025-09-30 00:20:23.867,114057.3,0.02,BTCUSDT
2025-09-30 00:20:23.892,114057.3,0.02,BTCUSDT
2025-09-30 00:20:23.944,114057.2,0.005,BTCUSDT
2025-09-30 00:20:24.562,114057.2,0.023,BTCUSDT
2025-09-30 00:20:24.562,114057.2,0.001,BTCUSDT
2025-09-30 00:20:24.562,114057.2,0.001,BTCUSDT
2025-09-30 00:20:24.562,114057.2,0.001,BTCUSDT
2025-09-30 00:20:24.562,114057.2,0.207,BTCUSDT
2025-09-30 00:20:24.562,114057.2,0.242,BTCUSDT
2025-09-30 00:20:24.562,114057.2,0.025,BTCUSDT
2025-09-30 00:20:24.893,114057.2,0.001,BTCUSDT
2025-09-30 00:20:24.912,114057.2,0.017,BTCUSDT
2025-09-30 00:20:24.953,114057.2,0.004,BTCUSDT
2025-09-30 00:20:25.057,114057.2,0.001,BTCUSDT
2025-09-30 00:20:25.057,114057.2,0.001,BTCUSDT
2025-09-30 00:20:25.170,114057.2,0.008,BTCUSDT
2025-09-30 00:20:25.212,114057.3,0.006,BTCUSDT
2025-09-30 00:20:25.212,114057.3,0.077,BTCUSDT
2025-09-30 00:20:25.212,114057.3,0.165,BTCUSDT
2025-09-30 00:20:25.212,114057.3,0.004,BTCUSDT
2025-09-30 00:20:25.212,114057.3,0.027,BTCUSDT
2025-09-30 00:20:25.212,114057.3,0.381,BTCUSDT
2025-09-30 00:20:25.212,114057.3,0.169,BTCUSDT
2025-09-30 00:20:25.212,114057.3,0.001,BTCUSDT
2025-09-30 00:20:25.212,114057.3,0.002,BTCUSDT
2025-09-30 00:20:25.212,114057.3,0.01,BTCUSDT
2025-09-30 00:20:25.212,114057.3,0.013,BTCUSDT
2025-09-30 00:20:25.212,114057.3,0.005,BTCUSDT
2025-09-30 00:20:25.212,114057.3,0.003,BTCUSDT
2025-09-30 00:20:25.212,114057.3,0.003,BTCUSDT
2025-09-30 00:20:25.212,114057.3,0.24,BTCUSDT
2025-09-30 00:20:25.626,114057.2,0.001,BTCUSDT
2025-09-30 00:20:25.646,114057.3,0.002,BTCUSDT
2025-09-30 00:20:25.646,114057.3,0.001,BTCUSDT
2025-09-30 00:20:25.646,114057.3,0.01,BTCUSDT
2025-09-30 00:20:25.915,114057.3,0.016,BTCUSDT
2025-09-30 00:20:25.915,114057.3,0.009,BTCUSDT
2025-09-30 00:20:25.915,114057.3,0.078,BTCUSDT
2025-09-30 00:20:26.059,114057.3,0.022,BTCUSDT
2025-09-30 00:20:26.059,114057.3,0.022,BTCUSDT
2025-09-30 00:20:26.226,114057.2,0.001,BTCUSDT
2025-09-30 00:20:26.435,114057.3,0.003,BTCUSDT
2025-09-30 00:20:26.579,114057.2,0.012,BTCUSDT
2025-09-30 00:20:26.579,114057.2,0.001,BTCUSDT
2025-09-30 00:20:26.579,114057.2,0.001,BTCUSDT
2025-09-30 00:20:26.579,114057.2,0.001,BTCUSDT
2025-09-30 00:20:26.579,114057.2,0.001,BTCUSDT
2025-09-30 00:20:26.579,114057.2,0.001,BTCUSDT
2025-09-30 00:20:26.579,114057.2,0.006,BTCUSDT
2025-09-30 00:20:26.579,114057.2,0.003,BTCUSDT
2025-09-30 00:20:26.579,114057.2,0.017,BTCUSDT
2025-09-30 00:20:26.579,114057.2,0.257,BTCUSDT
2025-09-30 00:20:26.641,114057.2,0.01,BTCUSDT
2025-09-30 00:20:26.753,114057.3,0.153,BTCUSDT
2025-09-30 00:20:26.753,114057.3,0.001,BTCUSDT
2025-09-30 00:20:26.753,114057.3,0.001,BTCUSDT
2025-09-30 00:20:26.753,114057.3,0.001,BTCUSDT
2025-09-30 00:20:26.753,114057.3,0.053,BTCUSDT
2025-09-30 00:20:27.010,114057.2,0.006,BTCUSDT
